% file "mastersthesis.bib"

@misc{ cnl09,
  author = {Brian Davis and Pradeep Varma and Siegfried Handschuh and Laura Dragan
                        and Hamish Cunningham},
  year= {2009},
  title = {On designing Controlled Natural Languages for
            Semantic Annotation},
  organization={Workshop on Controlled Natural Languages},
  location={Marittemo Island, Sicily, Italy},
  note={}
 }  
 
@InProceedings{Funk07,
  author    = {A. Funk and V. Tablan and K. Bontcheva and H. Cunningham and
               B. Davis and S. Handschuh},
  title     = {CLOnE: Controlled Language for Ontology Editing},
  booktitle = {ISWC/ASWC},
  year      = {2007},
  pages     = {142-155}
}

@inproceedings{FLG+97,
  address = {Stanford, USA},
  author = {Mariano Fernandez-Lopez and Asuncion Gomez-Perez and Natalia Juristo},
  booktitle = {Proceedings of the AAAI97 Spring Symposium },
  interHash = {a7b7ef3bb94617140a70999499a85d1a},
  intraHash = {09540fe6b15c4b4952913c756dfd9898},
  pages = {33--40},
  title = {METHONTOLOGY: from Ontological Art towards Ontological Engineering},
  year = {1997},
  month = {March}
}

@misc{skuce2003,
  AUTHOR       = {D. Skuce},
  YEAR         = {2003},
  TITLE        = {Knowledge Formulation on the Semantic Web},
  note = "Also available as {http://www.site.uottawa.ca:4321/factguru2.pdf.}"
}

@misc{schwitter,
  AUTHOR       = {Rolf Schwitter},
  DATE         = {"10/08/2006"},
  TIME         = {14.34}, 
  TITLE        = {Controlled Natural Languages}
}

@InProceedings{Tablan06a,
  author = {V. Tablan and T. Polajnar and H. Cunningham and K. Bontcheva},
  title = {User-friendly ontology authoring using a controlled language},
  booktitle = {5th Language Resources and Evaluation Conference},
  year = {2006}
}

@misc{ and-controlled,
  author = "Rolf Schwitter And Marc Tilbrook ",
  title = "Controlled Natural Language meets the Semantic Web",
  year= "2004",
  note = "See citeseer.ist.psu.edu/718300.html" }

@misc{ cimiano-requirements,
  author = {Philipp Cimiano and Fabio Ciravegna and John Domingue and Siegfried Handschuh
    and Alberto Lavelli and Steffen Staab and Mark Stevenson},
  title = {Requirements for Information Extraction for Knowledge Management},
  note = {Also available as {http://citeseer.ist.psu.edu/703515.html}}
 }  
 
@misc{ horrocks03three,
  author = "I. Horrocks and P. Patel-Schneider",
  title = "Three theses of representation in the semantic web",
  text = "Ian Horrocks and Peter F. Patel-Schneider. Three theses of representation
    in the semantic web. In Proc. of the Twelfth International World Wide Web
    Conference (WWW 2003.",
  year = "2003",
  note = "See citeseer.ist.psu.edu/horrocks03three.html" }

@INPROCEEDINGS{Oren:2005:SSP,
  AUTHOR = {Eyal Oren},
  TITLE = {{SemperWiki}: a semantic personal {Wiki}},
  BOOKTITLE = {Semantic Desktop (ISWC)},
  YEAR = 2005,
  MONTH = NOV,
  PDF = {semperwiki-semdesk.pdf},
  DJVU = {semperwiki-semdesk.djvu}
}

@InProceedings{Cun02b,
  author =   {H. Cunningham and D. Maynard and K. Bontcheva and V. Tablan},
  title =    {{GATE: A framework and graphical development environment for robust NLP tools and   applications}},
  booktitle = {Proceedings of the 40th Anniversary Meeting of the
                  Association for Computational Linguistics},
  year =     2002
}

@PhDThesis{york2003,
  AUTHOR     = {York Sure},
  YEAR       = {2003},
  TITLE      = {Methodology, Tools and Case Studies for Ontology based Knowledge Management},
  SCHOOL     = {University of Karlsruhe},
  month      = {May},
}
@PhDThesis{sig2003,
  AUTHOR     = {Siegfried Handschuh},
  YEAR       = {2005},
  TITLE      = {Creating Ontology-based Metadata by Annotation for the Semantic Web},
 SCHOOL = "",
}

@book{caterpillar1974, 
author = {Caterpillar Corporation},
  year = {1974},
  title ={Dictionary for Caterpillar Fundamental English},
  location ={East Peoria, Illinois},
}

@inproceedings{cogalcog,
 author = {Geert Adriaens and Dirk Schreors},
 title = {From COGRAM to ALCOGRAM: toward a controlled English grammar checker},
 booktitle = {Proceedings of the 14th conference on Computational linguistics},
 year = {1992},
 pages = {595--601},
 location = {Nantes, France},
 publisher = {Association for Computational Linguistics},
 address = {Morristown, NJ, USA},
 }

@inproceedings{fuchs99attemptoControlled,
    author={Norbert E. Fuchs and Uta Schwertel and Rolf Schwitter},
    title={Attempto Controlled English - Not Just Another Logic Specification Language},
    year={1999},
    booktitle={Logic-Based Program Synthesis and Transformation},
    organization={Eighth International Workshop LOPSTR'98},
    editor={Pierre Flener},
    address={Manchester, UK},
    month={June},
    series={Lecture Notes in Computer Science},
    publisher={Springer},
    number={1559}
}


@misc{ fuchs96attempto,
  author = "N. Fuchs and R. Schwitter",
  title = "Attempto controlled english (ace)", 
  organization={In Proceedings of the first international workshop on controlled language
    applications},
  location="Katholieke Universiteit Leuven, Belgium",
  year = "1996",
  note= "See citeseer.ist.psu.edu/article/fuchs96attempto.html" }

@misc{ christine98controlled,
  author = "K. Christine and E. Adolphson and T. Mitamura and E. Nyberg",
  title = "Controlled Language for Multilingual Document Production: Experience with
    Caterpillar Technical English",
  text = "Kamprath, Christine, Eric Adolphson, Teruko Mitamura & Eric Nyberg: 1998,
    `Controlled Language for Multilingual Document Production: Experience with
    Caterpillar Technical English', in Proceedings of the Second International
    Workshop on Controlled Language Applications: CLAW-98, Pittsburgh.",
  year = "1998",
  note = "See citeseer.ist.psu.edu/kamprath98controlled.html" }
  
@inproceedings{1136020,
 author = {Eyal Oren and John G. Breslin and Stefan Decker},
 title = {How semantics make better wikis},
 booktitle = {WWW '06: Proceedings of the 15th international conference on World Wide Web},
 year = {2006},
 isbn = {1-59593-323-9},
 pages = {1071--1072},
 location = {Edinburgh, Scotland},
 doi = {http://doi.acm.org/10.1145/1135777.1136020},
 publisher = {ACM Press},
 address = {New York, NY, USA},
 }

@misc{ hepp05ontowiki,
  author = "M. Hepp and D. Bachlechner and K. Siorpaes",
  title = "OntoWiki: Community-driven Ontology Engineering and Ontology Usage based
    on Wikis",
  text = "M. Hepp, D. Bachlechner, and K. Siorpaes, OntoWiki: Community-driven Ontology
    Engineering and Ontology Usage based on Wikis, presented at Proceedings
    of the 2005.",
  year = "2005",
  note = "See citeseer.ist.psu.edu/hepp05ontowiki.html" }

@TECHREPORT{wikiont-tr,
author = {Bao, Jie. and Honavar, Vasant.},
title = {Collaborative Ontology Building with Wiki@nt - A multi-agent based ontology building environment},
INSTITUTION = {TR-343, Computer Sicence, Iowa State University},
year = {2004}
}

@inproceedings{1083397,
 author = {Eva Gahleitner and Wernher Behrendt and Juergen Palkoska and Edgar Weippl},
 title = {On cooperatively creating dynamic ontologies},
 booktitle = {HYPERTEXT '05: Proceedings of the sixteenth ACM conference on Hypertext and hypermedia},
 year = {2005},
 isbn = {1-59593-168-6},
 pages = {208--210},
 location = {Salzburg, Austria},
 doi = {http://doi.acm.org/10.1145/1083356.1083397},
 publisher = {ACM Press},
 address = {New York, NY, USA},
 }

@techreport{ifi-2005.08,
    author = {Norbert E. Fuchs and Stefan Hoefler and Kaarel Kaljurand and Gerold Schneider and Uta Schwertel},
    title = {{Extended Discourse Representation Structures in Attempto Controlled English}},
    number = {{ifi-2005.08}},
    institution = {{Department of Informatics, University of Zurich}},
    address = {{Zurich, Switzerland}},
    year = 2005
}
@TECHREPORT{Cun00e,
  AUTHOR          = {H. Cunningham and D. Maynard and V. Tablan},
  INSTITUTION     = {Department of Computer Science, University of Sheffield},
  MONTH           = Nov,
  NUMBER          = {CS--00--10},
  TITLE           = {{JAPE: a Java Annotation Patterns Engine (Second Edition)}},
  TYPE            = {Research Memorandum},
  YEAR            = {2000}
}

@inproceedings{kuhn,
 author = {Tobias Kuhn},
 booktitle = {Attempto Controlled English as an Ontology Language},
 year = {2006},
 location = {Munich, Germany},
 publisher = {REWERSE -Reasoning on the Web with Rules and Semantics},
}


@inproceedings{wikisar,
 author = {Aumueller, D. Auer, S.},
 title = {Towards a Semantic Wiki Experience - Desktop Integration and Interactivity in WikSAR},
 year = {2005},
 location = {Galway, Ireland},
 publisher = {1st Workshop on The Semantic Desktop, Next Generation Personal Information Management and Collaboration Infrastructure},
}


 @inproceedings{DavisIFTBCH08,
title = {RoundTrip Ontology Authoring.},
author = {Brian Davis and Ahmad Ali Iqbal and Adam Funk and Valentin Tablan and Kalina Bontcheva and Hamish Cunningham and Siegfried Handschuh},
booktitle = {International Semantic Web Conference},
crossref = {conf/semweb/2008},
editor = {Amit P. Sheth and Steffen Staab and Mike Dean and Massimo Paolucci and Diana Maynard and Timothy W. Finin and Krishnaprasad Thirunarayan},
pages = {50-65},
publisher = {Springer},
series = {Lecture Notes in Computer Science},
url = {http://dblp.uni-trier.de/db/conf/semweb/iswc2008.html#DavisIFTBCH08},
volume = {5318},
year = {2008},
description = {dblp},
date = {2008-10-24}, ee = {http://dx.doi.org/10.1007/978-3-540-88564-1_4}, isbn = {978-3-540-88563-4},
keywords = {dblp }
} 

@TECHREPORT{CNL-SWEB,
author = {Smart, P. R.},
title = {Controlled Natural Languages and the Semantic Web},
organization={ITA/P12/SemWebCNL},
INSTITUTION = { School of Electronics and Computer Science, University of Southampton},
year = {2008,(Unpublished)}
}


@article{Chomsky1956,
  author = {Noam Chomsky},
  interHash = {19b800c0c296d6a6b43bf28a53258889},
  intraHash = {74d616ec9ae6609537faf9ffd7299166},
  journal = {IRE Transactions on Information Theory},
  note = {\url{http://www.chomsky.info/articles/195609--.pdf}
       -- last visited $14^{th}$ January 2009},
  pages = {113--124},
  title = {{Three models for the description of language}},
  volume = {2},
  year = {1956},
  language = {english}
}

@article{sleator1995parsing,
    author = {Daniel D. K. Sleator and C Fl Daniel Sleator and Davy Temperley},
    title = {Parsing English with a Link Grammar},
    booktitle = {In Third International Workshop on Parsing Technologies},
    year = {1991}
}

S. Decker. The social semantic desktop: Next generation collaboration infrastructure. Information Services and Use, 26(2):139 -- 144, 2006.

@article{SSD,
author={Decker, S.},
title={The social semantic desktop: Next generation collaboration infrastructure},
journal={Information Services and Use},
year={2006},
volume={26},
number={2},
pages={139-144}
}. 
